<record><leader>00000cas a22000007a 4500</leader><controlfield tag="001">10263553</controlfield><controlfield tag="008">840104d18uu18uutxuwr ne      0    0eng d</controlfield><datafield ind1=" " ind2=" " tag="010"><subfield code="a">sn 84022003 </subfield></datafield><datafield ind1=" " ind2=" " tag="040"><subfield code="a">NPX</subfield><subfield code="b">eng</subfield><subfield code="c">NPX</subfield><subfield code="d">OCLCQ</subfield></datafield><datafield ind1=" " ind2=" " tag="042"><subfield code="a">msc</subfield></datafield><datafield ind1=" " ind2=" " tag="043"><subfield code="a">n-us-tx</subfield></datafield><datafield ind1="0" ind2="0" tag="245"><subfield code="a">Waller County courier.</subfield></datafield><datafield ind1=" " ind2=" " tag="260"><subfield code="a">Hempstead, Tex. :</subfield><subfield code="b">Newnam &amp; McCrimmon</subfield></datafield><datafield ind1=" " ind2=" " tag="300"><subfield code="a">v.</subfield></datafield><datafield ind1=" " ind2=" " tag="310"><subfield code="a">Weekly</subfield></datafield><datafield ind1=" " ind2=" " tag="588"><subfield code="a">Description based on: Vol. 3, no. 5 (June 15, 1876).</subfield></datafield><datafield ind1="1" ind2=" " tag="700"><subfield code="a">McCrimmon, D.</subfield></datafield><datafield ind1="1" ind2=" " tag="700"><subfield code="a">Newnam, C. W.</subfield></datafield><datafield ind1=" " ind2=" " tag="752"><subfield code="a">United States</subfield><subfield code="b">Texas</subfield><subfield code="c">Waller</subfield><subfield code="d">Hempstead.</subfield></datafield><datafield ind1="1" ind2=" " tag="029"><subfield code="a">AU@</subfield><subfield code="b">000025813519</subfield></datafield></record>